@article{Braun2013,
  title={A very efficient O(n), implicit and parallel method to solve the stream power equation governing fluvial incision and landscape evolution},
  author={Jean Braun and Sean D. Willett},
  journal={Geomorphology},
  year={2013},
  volume={180},
  pages={170-179},
  doi={10.1016/J.GEOMORPH.2012.10.008}
}
@article{Barnes2014,
  title={Priority-flood: An optimal depression-filling and watershed-labeling algorithm for digital elevation models},
  author={Richard Barnes and Clarence Lehman and David Mulla},
  journal={Computers & Geosciences},
  volume={62},
  pages={117-127},
  year={2014},
  issn={0098-3004},
  doi={10.1016/j.cageo.2013.04.024},
}
@Article{Cordonnier2019,
  title={A versatile, linear complexity algorithm for flow routing in topographies with depressions},
  author={Cordonnier, G. and Bovy, B. and Braun, J.},
  journal={Earth Surface Dynamics},
  volume={7},
  year={2019},
  number={2},
  pages={549--562},
  doi={10.5194/esurf-7-549-2019},
}
@article{OCallaghan1984,
  title={The extraction of drainage networks from digital elevation data},
  author={John F. O'Callaghan and David M. Mark},
  journal={Computer Vision, Graphics, and Image Processing},
  volume={28},
  number={3},
  pages={323-344},
  year={1984},
  issn={0734-189X},
  doi={10.1016/S0734-189X(84)80011-0},
}
@article{Quinn1991,
  author={Quinn, P. and Beven, K. and Chevallier, P. and Planchon, O.},
  title={The prediction of hillslope flow paths for distributed hydrological modelling using digital terrain models},
  journal={Hydrological Processes},
  year={1991},
  volume={5},
  number={1},
  pages={59-79},
  keywords={Digital terrain data, Flow pathways, Distributed hydrological models},
  doi={10.1002/hyp.3360050106},
}
@article{Holmgren1994,
  author={Holmgren, Peter},
  title={Multiple flow direction algorithms for runoff modelling in grid based elevation models: An empirical evaluation},
  journal={Hydrological Processes},
  year={1994},
  volume={8},
  number={4},
  pages={327-334},
  keywords={Digital elevation model, Flow pathways, Distributed hydrological models},
  doi={10.1002/hyp.3360080405},
}
@article{Barnhart2019,
  author={Barnhart, K. R. and Glade, R. C. and Shobe, C. M. and Tucker, G. E.},
  title={Terrainbento 1.0: a Python package for multi-model analysis in long-term drainage basin evolution},
  journal={Geoscientific Model Development},
  volume={12},
  year={2019},
  number={4},
  pages={1267--1297},
  doi={10.5194/gmd-12-1267-2019},
}
@article{Braun1997,
  author={Braun, Jean and Sambridge, Malcolm},
  year={1997},
  title={Modelling landscape evolution on geological time scales: a new method based on irregular spatial discretization},
  journal={Basin Research},
  volume={9},
  number={1},
  pages={27-52},
  doi={10.1046/j.1365-2117.1997.00030.x},
}
