@article{giacomin:2023a,
  title={Nonlinear microtearing modes in MAST and their stochastic layer formation},
  author={Giacomin, Maurizio and Dickinson, David and Kennedy, Daniel and Patel, BS and Roach, CM},
  journal={Plasma Physics and Controlled Fusion},
  volume={65},
  number={9},
  pages={095019},
  year={2023},
  publisher={IOP Publishing},
  doi={10.1088/1361-6587/aceb89},
}

@article{giacomin:2023b,
  title={Electromagnetic gyrokinetic instabilities in the Spherical Tokamak for Energy Production (STEP) part II: transport and turbulence},
  author={Giacomin, Maurizio and Kennedy, Daniel and Casson, Francis J and Dickinson, David and Patel, Bhavin S and Roach, Colin M and others},
  journal={arXiv preprint arXiv:2307.01669},
  year={2023},
  doi={10.48550/arXiv.2307.01669},
}

@article{kennedy:2023,
  title={Electromagnetic gyrokinetic instabilities in the Spherical Tokamak for Energy Production (STEP) part I: linear physics and sensitivity},
  author={Kennedy, Daniel and Giacomin, Maurizio and Casson, Francis J and Dickinson, David and Hornsby, William A and Patel, Bhavin S and Roach, Colin M},
  journal={arXiv preprint arXiv:2307.01670},
  year={2023},
  doi={10.48550/arXiv.2307.01670},
}

@article{hornsby:2023,
  title={Gaussian Process Regression models for the properties of micro-tearing modes for spherical tokamaks},
  author={W.A Hornsby, A. Gray, J. Buchanan, B.S. Patel, D. Kennedy, F.J. Casson, C. Roach, M. B. Lykkegaard, H.Nguyen, N. Papadimas, B. Fourcin, J. Hart},
  journal={arXiv preprint arXiv:2309.09785},
  year={2023},
  doi={10.48550/arXiv.2309.09785},
}

@article{imbeaux:2015,
  title={Design and first applications of the ITER integrated modelling \& analysis suite},
  author={Imbeaux, Fr{\'e}d{\'e}ric and Pinches, SD and Lister, JB and Buravand, Y and Casper, T and Duval, Basil and Guillerminet, B and Hosokawa, Masanari and Houlberg, Wayne and Huynh, Philippe and others},
  journal={Nuclear Fusion},
  volume={55},
  number={12},
  pages={123006},
  year={2015},
  publisher={IOP Publishing},
  doi={10.1088/0029-5515/55/12/123006},
}

@article{pankin:2004,
  title={The tokamak Monte Carlo fast ion module NUBEAM in the National Transport Code Collaboration library},
  author={Pankin, Alexei and McCune, Douglas and Andre, Robert and Bateman, Glenn and Kritz, Arnold},
  journal={Computer Physics Communications},
  volume={159},
  number={3},
  pages={157--184},
  year={2004},
  publisher={Elsevier},
  doi={10.1016/j.cpc.2003.11.002},
}

@article{cenacchi:1988,
  title={JETTO: A free-boundary plasma transport code (basic version) Report JET-IR (88) 03 JET Joint Undertaking},
  author={Cenacchi, G and Taroni, A},
  journal={Joint European Torus},
  year={1988}
}